[
  {
    "date": "2024-04-30",
    "symbol": "SNOW",
    "reportedCurrency": "USD",
    "cik": "0001640147",
    "fillingDate": "2024-05-31",
    "acceptedDate": "2024-05-31 16:13:03",
    "calendarYear": "2025",
    "period": "Q1",
    "revenue": 828709000,
    "costOfRevenue": 284188000,
    "grossProfit": 544521000,
    "grossProfitRatio": 0.6570714207,
    "researchAndDevelopmentExpenses": 407194000,
    "generalAndAdministrativeExpenses": 93148000,
    "sellingAndMarketingExpenses": 400822000,
    "sellingGeneralAndAdministrativeExpenses": 484917000,
    "otherExpenses": -607000,
    "operatingExpenses": 892111000,
    "costAndExpenses": 1176299000,
    "interestIncome": 54779000,
    "interestExpense": 0,
    "depreciationAndAmortization": 40221000,
    "ebitda": -307369000,
    "ebitdaratio": -0.3709010039,
    "operatingIncome": -347590000,
    "operatingIncomeRatio": -0.4194355317,
    "totalOtherIncomeExpensesNet": 32495000,
    "incomeBeforeTax": -315095000,
    "incomeBeforeTaxRatio": -0.3802239387,
    "incomeTaxExpense": 2721000,
    "netIncome": -316988000,
    "netIncomeRatio": -0.3825082146,
    "eps": -0.95,
    "epsdiluted": -0.95,
    "weightedAverageShsOut": 333584000,
    "weightedAverageShsOutDil": 333584000,
    "link": "https://www.sec.gov/Archives/edgar/data/1640147/000164014724000135/0001640147-24-000135-index.htm",
    "finalLink": "https://www.sec.gov/Archives/edgar/data/1640147/000164014724000135/snow-20240430.htm"
  },
  {
    "date": "2024-01-31",
    "symbol": "SNOW",
    "reportedCurrency": "USD",
    "cik": "0001640147",
    "fillingDate": "2024-03-26",
    "acceptedDate": "2024-03-26 16:16:31",
    "calendarYear": "2024",
    "period": "Q4",
    "revenue": 774699000,
    "costOfRevenue": 241804000,
    "grossProfit": 532895000,
    "grossProfitRatio": 0.6878736128,
    "researchAndDevelopmentExpenses": 364476000,
    "generalAndAdministrativeExpenses": 82102000,
    "sellingAndMarketingExpenses": 361822000,
    "sellingGeneralAndAdministrativeExpenses": 443924000,
    "otherExpenses": 1829000,
    "operatingExpenses": 808400000,
    "costAndExpenses": 1050204000,
    "interestIncome": 53761000,
    "interestExpense": 0,
    "depreciationAndAmortization": 34986000,
    "ebitda": -286223000,
    "ebitdaratio": -0.3694634949,
    "operatingIncome": -275505000,
    "operatingIncomeRatio": -0.3556284441,
    "totalOtherIncomeExpensesNet": 47533000,
    "incomeBeforeTax": -174211000,
    "incomeBeforeTaxRatio": -0.2248757259,
    "incomeTaxExpense": -4299000,
    "netIncome": -169352000,
    "netIncomeRatio": -0.2186036125,
    "eps": -0.51,
    "epsdiluted": -0.51,
    "weightedAverageShsOut": 331079000,
    "weightedAverageShsOutDil": 331079000,
    "link": "https://www.sec.gov/Archives/edgar/data/1640147/000164014724000101/0001640147-24-000101-index.htm",
    "finalLink": "https://www.sec.gov/Archives/edgar/data/1640147/000164014724000101/snow-20240131.htm"
  },
  {
    "date": "2023-10-31",
    "symbol": "SNOW",
    "reportedCurrency": "USD",
    "cik": "0001640147",
    "fillingDate": "2023-12-01",
    "acceptedDate": "2023-12-01 16:12:48",
    "calendarYear": "2024",
    "period": "Q3",
    "revenue": 734173000,
    "costOfRevenue": 228948000,
    "grossProfit": 505225000,
    "grossProfitRatio": 0.6881552441,
    "researchAndDevelopmentExpenses": 332065000,
    "generalAndAdministrativeExpenses": 78704000,
    "sellingAndMarketingExpenses": 355079000,
    "sellingGeneralAndAdministrativeExpenses": 433783000,
    "otherExpenses": -2380000,
    "operatingExpenses": 765848000,
    "costAndExpenses": 994796000,
    "interestIncome": 53491000,
    "interestExpense": 0,
    "depreciationAndAmortization": 32470000,
    "ebitda": -226363000,
    "ebitdaratio": -0.3083237874,
    "operatingIncome": -260623000,
    "operatingIncomeRatio": -0.3549885381,
    "totalOtherIncomeExpensesNet": -4170000,
    "incomeBeforeTax": -211302000,
    "incomeBeforeTaxRatio": -0.287809549,
    "incomeTaxExpense": 3392000,
    "netIncome": -214251000,
    "netIncomeRatio": -0.2918263134,
    "eps": -0.65,
    "epsdiluted": -0.65,
    "weightedAverageShsOut": 329310000,
    "weightedAverageShsOutDil": 329310000,
    "link": "https://www.sec.gov/Archives/edgar/data/1640147/000164014723000260/0001640147-23-000260-index.htm",
    "finalLink": "https://www.sec.gov/Archives/edgar/data/1640147/000164014723000260/snow-20231031.htm"
  },
  {
    "date": "2023-07-31",
    "symbol": "SNOW",
    "reportedCurrency": "USD",
    "cik": "0001640147",
    "fillingDate": "2023-08-31",
    "acceptedDate": "2023-08-31 16:13:47",
    "calendarYear": "2024",
    "period": "Q2",
    "revenue": 674018000,
    "costOfRevenue": 218392000,
    "grossProfit": 455626000,
    "grossProfitRatio": 0.6759849143,
    "researchAndDevelopmentExpenses": 313996000,
    "generalAndAdministrativeExpenses": 83749000,
    "sellingAndMarketingExpenses": 343288000,
    "sellingGeneralAndAdministrativeExpenses": 427037000,
    "otherExpenses": -1223000,
    "operatingExpenses": 741033000,
    "costAndExpenses": 959425000,
    "interestIncome": 50280000,
    "interestExpense": 0,
    "depreciationAndAmortization": 29284000,
    "ebitda": -261432000,
    "ebitdaratio": -0.3878709471,
    "operatingIncome": -285407000,
    "operatingIncomeRatio": -0.4234412137,
    "totalOtherIncomeExpensesNet": 4086000,
    "incomeBeforeTax": -231041000,
    "incomeBeforeTaxRatio": -0.3427816468,
    "incomeTaxExpense": -3721000,
    "netIncome": -226867000,
    "netIncomeRatio": -0.3365889338,
    "eps": -0.69,
    "epsdiluted": -0.69,
    "weightedAverageShsOut": 327335000,
    "weightedAverageShsOutDil": 327335000,
    "link": "https://www.sec.gov/Archives/edgar/data/1640147/000164014723000199/0001640147-23-000199-index.htm",
    "finalLink": "https://www.sec.gov/Archives/edgar/data/1640147/000164014723000199/snow-20230731.htm"
  },
  {
    "date": "2023-04-30",
    "symbol": "SNOW",
    "reportedCurrency": "USD",
    "cik": "0001640147",
    "fillingDate": "2023-06-02",
    "acceptedDate": "2023-06-02 16:16:48",
    "calendarYear": "2024",
    "period": "Q1",
    "revenue": 623599000,
    "costOfRevenue": 209414000,
    "grossProfit": 414185000,
    "grossProfitRatio": 0.6641848367,
    "researchAndDevelopmentExpenses": 277412000,
    "generalAndAdministrativeExpenses": 78453000,
    "sellingAndMarketingExpenses": 331558000,
    "sellingGeneralAndAdministrativeExpenses": 410011000,
    "otherExpenses": -148000,
    "operatingExpenses": 687423000,
    "costAndExpenses": 896837000,
    "interestIncome": 43131000,
    "interestExpense": 0,
    "depreciationAndAmortization": 43276,
    "ebitda": -247661000,
    "ebitdaratio": -0.3971478466,
    "operatingIncome": -273238000,
    "operatingIncomeRatio": -0.4381629861,
    "totalOtherIncomeExpensesNet": -2562000,
    "incomeBeforeTax": -232669000,
    "incomeBeforeTaxRatio": -0.3731067561,
    "incomeTaxExpense": -6605000,
    "netIncome": -225627000,
    "netIncomeRatio": -0.3618142428,
    "eps": -0.7,
    "epsdiluted": -0.7,
    "weightedAverageShsOut": 324157000,
    "weightedAverageShsOutDil": 324157000,
    "link": "https://www.sec.gov/Archives/edgar/data/1640147/000164014723000102/0001640147-23-000102-index.htm",
    "finalLink": "https://www.sec.gov/Archives/edgar/data/1640147/000164014723000102/snow-20230430.htm"
  },
  {
    "date": "2023-01-31",
    "symbol": "SNOW",
    "reportedCurrency": "USD",
    "cik": "0001640147",
    "fillingDate": "2023-03-29",
    "acceptedDate": "2023-03-29 16:15:47",
    "calendarYear": "2023",
    "period": "Q4",
    "revenue": 589012000,
    "costOfRevenue": 205657000,
    "grossProfit": 383355000,
    "grossProfitRatio": 0.6508441254,
    "researchAndDevelopmentExpenses": 242125000,
    "generalAndAdministrativeExpenses": 77507000,
    "sellingAndMarketingExpenses": 303473000,
    "sellingGeneralAndAdministrativeExpenses": 380980000,
    "otherExpenses": -2893000,
    "operatingExpenses": 623105000,
    "costAndExpenses": 828762000,
    "interestIncome": 35531000,
    "interestExpense": 35531000,
    "depreciationAndAmortization": 43812,
    "ebitda": -220024000,
    "ebitdaratio": -0.3735475678,
    "operatingIncome": -239750000,
    "operatingIncomeRatio": -0.4070375476,
    "totalOtherIncomeExpensesNet": 32638000,
    "incomeBeforeTax": -207112000,
    "incomeBeforeTaxRatio": -0.3516261129,
    "incomeTaxExpense": 372000,
    "netIncome": -207484000,
    "netIncomeRatio": -0.352257679,
    "eps": -0.64,
    "epsdiluted": -0.64,
    "weightedAverageShsOut": 321924000,
    "weightedAverageShsOutDil": 321924000,
    "link": "https://www.sec.gov/Archives/edgar/data/1640147/000164014723000030/0001640147-23-000030-index.htm",
    "finalLink": "https://www.sec.gov/Archives/edgar/data/1640147/000164014723000030/snow-20230131.htm"
  },
  {
    "date": "2022-10-31",
    "symbol": "SNOW",
    "reportedCurrency": "USD",
    "cik": "0001640147",
    "fillingDate": "2022-12-02",
    "acceptedDate": "2022-12-02 16:14:33",
    "calendarYear": "2023",
    "period": "Q3",
    "revenue": 557028000,
    "costOfRevenue": 190721000,
    "grossProfit": 366307000,
    "grossProfitRatio": 0.6576096713,
    "researchAndDevelopmentExpenses": 211387000,
    "generalAndAdministrativeExpenses": 76462000,
    "sellingAndMarketingExpenses": 284477000,
    "sellingGeneralAndAdministrativeExpenses": 360939000,
    "otherExpenses": -13271000,
    "operatingExpenses": 572326000,
    "costAndExpenses": 763047000,
    "interestIncome": 21857000,
    "interestExpense": 21857000,
    "depreciationAndAmortization": -39586,
    "ebitda": -188323000,
    "ebitdaratio": -0.3380853386,
    "operatingIncome": -206019000,
    "operatingIncomeRatio": -0.3698539391,
    "totalOtherIncomeExpensesNet": 8586000,
    "incomeBeforeTax": -197433000,
    "incomeBeforeTaxRatio": -0.3544399922,
    "incomeTaxExpense": 4009000,
    "netIncome": -201442000,
    "netIncomeRatio": -0.361637117,
    "eps": -0.63,
    "epsdiluted": -0.63,
    "weightedAverageShsOut": 320135000,
    "weightedAverageShsOutDil": 320135000,
    "link": "https://www.sec.gov/Archives/edgar/data/1640147/000164014722000100/0001640147-22-000100-index.htm",
    "finalLink": "https://www.sec.gov/Archives/edgar/data/1640147/000164014722000100/snow-20221031.htm"
  },
  {
    "date": "2022-07-31",
    "symbol": "SNOW",
    "reportedCurrency": "USD",
    "cik": "0001640147",
    "fillingDate": "2022-09-01",
    "acceptedDate": "2022-09-01 16:08:55",
    "calendarYear": "2023",
    "period": "Q2",
    "revenue": 497248000,
    "costOfRevenue": 173232000,
    "grossProfit": 324016000,
    "grossProfitRatio": 0.6516185083,
    "researchAndDevelopmentExpenses": 183748000,
    "generalAndAdministrativeExpenses": 73355000,
    "sellingAndMarketingExpenses": 274645000,
    "sellingGeneralAndAdministrativeExpenses": 348000000,
    "otherExpenses": -22920000,
    "operatingExpenses": 531748000,
    "costAndExpenses": 704980000,
    "interestIncome": 11692000,
    "interestExpense": 11692000,
    "depreciationAndAmortization": 122085,
    "ebitda": -191560000,
    "ebitdaratio": -0.385240363,
    "operatingIncome": -207732000,
    "operatingIncomeRatio": -0.4177633696,
    "totalOtherIncomeExpensesNet": -11228000,
    "incomeBeforeTax": -218960000,
    "incomeBeforeTaxRatio": -0.4403436515,
    "incomeTaxExpense": 3846000,
    "netIncome": -222806000,
    "netIncomeRatio": -0.4480782225,
    "eps": -0.7,
    "epsdiluted": -0.7,
    "weightedAverageShsOut": 318356000,
    "weightedAverageShsOutDil": 318356000,
    "link": "https://www.sec.gov/Archives/edgar/data/1640147/000164014722000084/0001640147-22-000084-index.htm",
    "finalLink": "https://www.sec.gov/Archives/edgar/data/1640147/000164014722000084/snow-20220731.htm"
  },
  {
    "date": "2022-04-30",
    "symbol": "SNOW",
    "reportedCurrency": "USD",
    "cik": "0001640147",
    "fillingDate": "2022-06-03",
    "acceptedDate": "2022-06-03 16:10:48",
    "calendarYear": "2023",
    "period": "Q1",
    "revenue": 422371000,
    "costOfRevenue": 147930000,
    "grossProfit": 274441000,
    "grossProfitRatio": 0.6497628862,
    "researchAndDevelopmentExpenses": 150798000,
    "generalAndAdministrativeExpenses": 68497000,
    "sellingAndMarketingExpenses": 243912000,
    "sellingGeneralAndAdministrativeExpenses": 312409000,
    "otherExpenses": -8481000,
    "operatingExpenses": 463207000,
    "costAndExpenses": 611137000,
    "interestIncome": 4759000,
    "interestExpense": 0,
    "depreciationAndAmortization": 41584,
    "ebitda": -178825000,
    "ebitdaratio": -0.4233837077,
    "operatingIncome": -188766000,
    "operatingIncomeRatio": -0.446919888,
    "totalOtherIncomeExpensesNet": -8481000,
    "incomeBeforeTax": -192488000,
    "incomeBeforeTaxRatio": -0.455732046,
    "incomeTaxExpense": -26694000,
    "netIncome": -165794000,
    "netIncomeRatio": -0.3925316842,
    "eps": -0.53,
    "epsdiluted": -0.53,
    "weightedAverageShsOut": 314361000,
    "weightedAverageShsOutDil": 314361000,
    "link": "https://www.sec.gov/Archives/edgar/data/1640147/000164014722000044/0001640147-22-000044-index.htm",
    "finalLink": "https://www.sec.gov/Archives/edgar/data/1640147/000164014722000044/snow-20220430.htm"
  },
  {
    "date": "2022-01-31",
    "symbol": "SNOW",
    "reportedCurrency": "USD",
    "cik": "0001640147",
    "fillingDate": "2022-03-30",
    "acceptedDate": "2022-03-30 16:18:31",
    "calendarYear": "2022",
    "period": "Q4",
    "revenue": 383774000,
    "costOfRevenue": 134180000,
    "grossProfit": 249594000,
    "grossProfitRatio": 0.6503671432,
    "researchAndDevelopmentExpenses": 123149000,
    "generalAndAdministrativeExpenses": 75187000,
    "sellingAndMarketingExpenses": 203287000,
    "sellingGeneralAndAdministrativeExpenses": 278474000,
    "otherExpenses": 19080000,
    "operatingExpenses": 401623000,
    "costAndExpenses": 535803000,
    "interestIncome": 2342000,
    "interestExpense": -21422000,
    "depreciationAndAmortization": 54880,
    "ebitda": -146117000,
    "ebitdaratio": -0.3807371005,
    "operatingIncome": -152029000,
    "operatingIncomeRatio": -0.3961420002,
    "totalOtherIncomeExpensesNet": 19080000,
    "incomeBeforeTax": -130607000,
    "incomeBeforeTaxRatio": -0.3403226899,
    "incomeTaxExpense": 1546000,
    "netIncome": -132153000,
    "netIncomeRatio": -0.3443511025,
    "eps": -0.43,
    "epsdiluted": -0.43,
    "weightedAverageShsOut": 308693468,
    "weightedAverageShsOutDil": 308693468,
    "link": "https://www.sec.gov/Archives/edgar/data/1640147/000164014722000023/0001640147-22-000023-index.htm",
    "finalLink": "https://www.sec.gov/Archives/edgar/data/1640147/000164014722000023/snow-20220131.htm"
  },
  {
    "date": "2021-10-31",
    "symbol": "SNOW",
    "reportedCurrency": "USD",
    "cik": "0001640147",
    "fillingDate": "2021-12-03",
    "acceptedDate": "2021-12-03 16:51:17",
    "calendarYear": "2022",
    "period": "Q3",
    "revenue": 334441000,
    "costOfRevenue": 120786000,
    "grossProfit": 213655000,
    "grossProfitRatio": 0.6388421276,
    "researchAndDevelopmentExpenses": 115900000,
    "generalAndAdministrativeExpenses": 64055000,
    "sellingAndMarketingExpenses": 190971000,
    "sellingGeneralAndAdministrativeExpenses": 255026000,
    "otherExpenses": 1609000,
    "operatingExpenses": 370926000,
    "costAndExpenses": 491712000,
    "interestIncome": 1985000,
    "interestExpense": 0,
    "depreciationAndAmortization": 27081,
    "ebitda": -151753000,
    "ebitdaratio": -0.4537511848,
    "operatingIncome": -157271000,
    "operatingIncomeRatio": -0.4702503581,
    "totalOtherIncomeExpensesNet": 1609000,
    "incomeBeforeTax": -153677000,
    "incomeBeforeTaxRatio": -0.459504068,
    "incomeTaxExpense": 1179000,
    "netIncome": -154856000,
    "netIncomeRatio": -0.4630293535,
    "eps": -0.51,
    "epsdiluted": -0.51,
    "weightedAverageShsOut": 303006685,
    "weightedAverageShsOutDil": 303007000,
    "link": "https://www.sec.gov/Archives/edgar/data/1640147/000164014721000271/0001640147-21-000271-index.htm",
    "finalLink": "https://www.sec.gov/Archives/edgar/data/1640147/000164014721000271/snow-20211031.htm"
  },
  {
    "date": "2021-07-31",
    "symbol": "SNOW",
    "reportedCurrency": "USD",
    "cik": "0001640147",
    "fillingDate": "2021-09-02",
    "acceptedDate": "2021-09-02 16:58:03",
    "calendarYear": "2022",
    "period": "Q2",
    "revenue": 272198000,
    "costOfRevenue": 106121000,
    "grossProfit": 166077000,
    "grossProfitRatio": 0.6101330649,
    "researchAndDevelopmentExpenses": 118087000,
    "generalAndAdministrativeExpenses": 65228000,
    "sellingAndMarketingExpenses": 182903000,
    "sellingGeneralAndAdministrativeExpenses": 248131000,
    "otherExpenses": 8746000,
    "operatingExpenses": 366218000,
    "costAndExpenses": 472339000,
    "interestIncome": 2190000,
    "interestExpense": 0,
    "depreciationAndAmortization": 86065,
    "ebitda": -194757000,
    "ebitdaratio": -0.7154975422,
    "operatingIncome": -200141000,
    "operatingIncomeRatio": -0.7352772614,
    "totalOtherIncomeExpensesNet": 8746000,
    "incomeBeforeTax": -189205000,
    "incomeBeforeTaxRatio": -0.6951006253,
    "incomeTaxExpense": 514000,
    "netIncome": -189719000,
    "netIncomeRatio": -0.6969889566,
    "eps": -0.64,
    "epsdiluted": -0.64,
    "weightedAverageShsOut": 296435937,
    "weightedAverageShsOutDil": 297717000,
    "link": "https://www.sec.gov/Archives/edgar/data/1640147/000164014721000212/0001640147-21-000212-index.htm",
    "finalLink": "https://www.sec.gov/Archives/edgar/data/1640147/000164014721000212/snow-20210731.htm"
  },
  {
    "date": "2021-04-30",
    "symbol": "SNOW",
    "reportedCurrency": "USD",
    "cik": "0001640147",
    "fillingDate": "2021-06-04",
    "acceptedDate": "2021-06-04 16:32:41",
    "calendarYear": "2022",
    "period": "Q1",
    "revenue": 228914000,
    "costOfRevenue": 97346000,
    "grossProfit": 131568000,
    "grossProfitRatio": 0.5747485955,
    "researchAndDevelopmentExpenses": 109796000,
    "generalAndAdministrativeExpenses": 60563000,
    "sellingAndMarketingExpenses": 166804000,
    "sellingGeneralAndAdministrativeExpenses": 227367000,
    "otherExpenses": -488000,
    "operatingExpenses": 337163000,
    "costAndExpenses": 434509000,
    "interestIncome": 2612000,
    "interestExpense": 0,
    "depreciationAndAmortization": 60459,
    "ebitda": -200911000,
    "ebitdaratio": -0.8776702168,
    "operatingIncome": -205595000,
    "operatingIncomeRatio": -0.8981320496,
    "totalOtherIncomeExpensesNet": -488000,
    "incomeBeforeTax": -203471000,
    "incomeBeforeTaxRatio": -0.8888534559,
    "incomeTaxExpense": -251000,
    "netIncome": -203220000,
    "netIncomeRatio": -0.8877569742,
    "eps": -0.7,
    "epsdiluted": -0.7,
    "weightedAverageShsOut": 291385850,
    "weightedAverageShsOutDil": 291386000,
    "link": "https://www.sec.gov/Archives/edgar/data/1640147/000164014721000122/0001640147-21-000122-index.htm",
    "finalLink": "https://www.sec.gov/Archives/edgar/data/1640147/000164014721000122/snow-20210430.htm"
  },
  {
    "date": "2021-01-31",
    "symbol": "SNOW",
    "reportedCurrency": "USD",
    "cik": "0001640147",
    "fillingDate": "2021-03-31",
    "acceptedDate": "2021-03-31 16:12:48",
    "calendarYear": "2021",
    "period": "Q4",
    "revenue": 190465000,
    "costOfRevenue": 82904000,
    "grossProfit": 107561000,
    "grossProfitRatio": 0.5647284278,
    "researchAndDevelopmentExpenses": 93997000,
    "generalAndAdministrativeExpenses": 59911000,
    "sellingAndMarketingExpenses": 154050000,
    "sellingGeneralAndAdministrativeExpenses": 213961000,
    "otherExpenses": 951000,
    "operatingExpenses": 307958000,
    "costAndExpenses": 390862000,
    "interestIncome": 1853000,
    "interestExpense": 0,
    "depreciationAndAmortization": 71391,
    "ebitda": -197182000,
    "ebitdaratio": -1.0352663219,
    "operatingIncome": -200397000,
    "operatingIncomeRatio": -1.0521460636,
    "totalOtherIncomeExpensesNet": 951000,
    "incomeBeforeTax": -197593000,
    "incomeBeforeTaxRatio": -1.0374241987,
    "incomeTaxExpense": 1342000,
    "netIncome": -198935000,
    "netIncomeRatio": -1.0444701126,
    "eps": -0.7,
    "epsdiluted": -0.7,
    "weightedAverageShsOut": 284121777,
    "weightedAverageShsOutDil": 284121777,
    "link": "https://www.sec.gov/Archives/edgar/data/1640147/000164014721000073/0001640147-21-000073-index.htm",
    "finalLink": "https://www.sec.gov/Archives/edgar/data/1640147/000164014721000073/snow-20210131.htm"
  },
  {
    "date": "2020-10-31",
    "symbol": "SNOW",
    "reportedCurrency": "USD",
    "cik": "0001640147",
    "fillingDate": "2020-12-03",
    "acceptedDate": "2020-12-02 19:45:24",
    "calendarYear": "2021",
    "period": "Q3",
    "revenue": 159624000,
    "costOfRevenue": 66681000,
    "grossProfit": 92943000,
    "grossProfitRatio": 0.5822620659,
    "researchAndDevelopmentExpenses": 74138000,
    "generalAndAdministrativeExpenses": 53532000,
    "sellingAndMarketingExpenses": 134727000,
    "sellingGeneralAndAdministrativeExpenses": 188259000,
    "otherExpenses": -519000,
    "operatingExpenses": 262397000,
    "costAndExpenses": 329078000,
    "interestIncome": 1517000,
    "interestExpense": 0,
    "depreciationAndAmortization": 54000,
    "ebitda": -166605000,
    "ebitdaratio": -1.043734025,
    "operatingIncome": -169454000,
    "operatingIncomeRatio": -1.0615822182,
    "totalOtherIncomeExpensesNet": -519000,
    "incomeBeforeTax": -168456000,
    "incomeBeforeTaxRatio": -1.0553300256,
    "incomeTaxExpense": 433000,
    "netIncome": -168889000,
    "netIncomeRatio": -1.0580426502,
    "eps": -1.01,
    "epsdiluted": -1.01,
    "weightedAverageShsOut": 166868200,
    "weightedAverageShsOutDil": 166868200,
    "link": "https://www.sec.gov/Archives/edgar/data/1640147/000164014720000023/0001640147-20-000023-index.htm",
    "finalLink": "https://www.sec.gov/Archives/edgar/data/1640147/000164014720000023/snow-20201031.htm"
  },
  {
    "date": "2020-07-31",
    "symbol": "SNOW",
    "reportedCurrency": "USD",
    "cik": "0001640147",
    "fillingDate": "2020-07-31",
    "acceptedDate": "2020-07-31 00:00:00",
    "calendarYear": "2021",
    "period": "Q2",
    "revenue": 133145000,
    "costOfRevenue": 50446000,
    "grossProfit": 82699000,
    "grossProfitRatio": 0.6211198318,
    "researchAndDevelopmentExpenses": 36533000,
    "generalAndAdministrativeExpenses": 31186000,
    "sellingAndMarketingExpenses": 92663000,
    "sellingGeneralAndAdministrativeExpenses": 123849000,
    "otherExpenses": -1109000,
    "operatingExpenses": 160382000,
    "costAndExpenses": 210828000,
    "interestIncome": 1689000,
    "interestExpense": 0,
    "depreciationAndAmortization": 55806,
    "ebitda": -75443000,
    "ebitdaratio": -0.5666228548,
    "operatingIncome": -77683000,
    "operatingIncomeRatio": -0.5834466183,
    "totalOtherIncomeExpensesNet": -1109000,
    "incomeBeforeTax": -77103000,
    "incomeBeforeTaxRatio": -0.5790904653,
    "incomeTaxExpense": 531000,
    "netIncome": -77634000,
    "netIncomeRatio": -0.5830785985,
    "eps": -0.28,
    "epsdiluted": -0.28,
    "weightedAverageShsOut": 278778162,
    "weightedAverageShsOutDil": 278778162,
    "link": "",
    "finalLink": ""
  },
  {
    "date": "2020-04-30",
    "symbol": "SNOW",
    "reportedCurrency": "USD",
    "cik": "0001640147",
    "fillingDate": "2020-04-30",
    "acceptedDate": "2020-04-30 00:00:00",
    "calendarYear": "2021",
    "period": "Q1",
    "revenue": 108815000,
    "costOfRevenue": 42557000,
    "grossProfit": 66258000,
    "grossProfitRatio": 0.6089050223,
    "researchAndDevelopmentExpenses": 33278000,
    "generalAndAdministrativeExpenses": 31506000,
    "sellingAndMarketingExpenses": 97877000,
    "sellingGeneralAndAdministrativeExpenses": 129383000,
    "otherExpenses": 67000,
    "operatingExpenses": 162661000,
    "costAndExpenses": 205218000,
    "interestIncome": 2448000,
    "interestExpense": 0,
    "depreciationAndAmortization": 55213,
    "ebitda": -94881000,
    "ebitdaratio": -0.8719478013,
    "operatingIncome": -96403000,
    "operatingIncomeRatio": -0.8859348435,
    "totalOtherIncomeExpensesNet": 67000,
    "incomeBeforeTax": -93888000,
    "incomeBeforeTaxRatio": -0.8628222212,
    "incomeTaxExpense": -244000,
    "netIncome": -93644000,
    "netIncomeRatio": -0.8605798833,
    "eps": -0.39,
    "epsdiluted": -0.39,
    "weightedAverageShsOut": 238369506,
    "weightedAverageShsOutDil": 238369506,
    "link": "",
    "finalLink": ""
  },
  {
    "date": "2020-01-31",
    "symbol": "SNOW",
    "reportedCurrency": "USD",
    "cik": "0001640147",
    "fillingDate": "2020-01-31",
    "acceptedDate": "2020-01-31 00:00:00",
    "calendarYear": "2020",
    "period": "Q4",
    "revenue": 87692000,
    "costOfRevenue": 34522000,
    "grossProfit": 53170000,
    "grossProfitRatio": 0.6063266889,
    "researchAndDevelopmentExpenses": 29709000,
    "generalAndAdministrativeExpenses": 28129000,
    "sellingAndMarketingExpenses": 80444000,
    "sellingGeneralAndAdministrativeExpenses": 108573000,
    "otherExpenses": -186000,
    "operatingExpenses": 138282000,
    "costAndExpenses": 172804000,
    "interestIncome": 2299000,
    "interestExpense": 0,
    "depreciationAndAmortization": 55131,
    "ebitda": -83847000,
    "ebitdaratio": -0.9561533549,
    "operatingIncome": -85112000,
    "operatingIncomeRatio": -0.9705788441,
    "totalOtherIncomeExpensesNet": -186000,
    "incomeBeforeTax": -82999000,
    "incomeBeforeTaxRatio": -0.9464831456,
    "incomeTaxExpense": 255000,
    "netIncome": -83254000,
    "netIncomeRatio": -0.9493910505,
    "eps": -0.35,
    "epsdiluted": -0.35,
    "weightedAverageShsOut": 238369506,
    "weightedAverageShsOutDil": 238369506,
    "link": "",
    "finalLink": ""
  },
  {
    "date": "2019-10-31",
    "symbol": "SNOW",
    "reportedCurrency": "USD",
    "cik": "0001640147",
    "fillingDate": "2019-10-31",
    "acceptedDate": "2019-10-31 00:00:00",
    "calendarYear": "2020",
    "period": "Q3",
    "revenue": 73012000,
    "costOfRevenue": 29489000,
    "grossProfit": 43523000,
    "grossProfitRatio": 0.5961074892,
    "researchAndDevelopmentExpenses": 27669000,
    "generalAndAdministrativeExpenses": 30318000,
    "sellingAndMarketingExpenses": 75668000,
    "sellingGeneralAndAdministrativeExpenses": 105986000,
    "otherExpenses": -40000,
    "operatingExpenses": 133655000,
    "costAndExpenses": 163144000,
    "interestIncome": 2491000,
    "interestExpense": 0,
    "depreciationAndAmortization": 52750,
    "ebitda": -89239000,
    "ebitdaratio": -1.2222511368,
    "operatingIncome": -90132000,
    "operatingIncomeRatio": -1.234482003,
    "totalOtherIncomeExpensesNet": -40000,
    "incomeBeforeTax": -87681000,
    "incomeBeforeTaxRatio": -1.2009121788,
    "incomeTaxExpense": 376000,
    "netIncome": -88057000,
    "netIncomeRatio": -1.2060620172,
    "eps": -0.37,
    "epsdiluted": -0.37,
    "weightedAverageShsOut": 238369506,
    "weightedAverageShsOutDil": 238369506,
    "link": "",
    "finalLink": ""
  }
]